@misc{dead-games-list-2016,
  title = {Central {{Server-Dependent Games Database}}},
  author = {{Forgot\_My\_Account}},
  year = {2016},
  journal = {Google Docs},
  urldate = {2024-04-23},
  abstract = {Form Responses 1 Timestamp,Consoles,Publisher,Game,Status,Release Profile,Preservation Notes 6/6/2016 3:27:44,PC, PS4, Xbox One, PS3, Xbox 360,2K Sports,WWE 2K15,Dead multiplayer,Major release 4/1/2016 4:16:21,PS4, Xbox One,Activision,Destiny,At risk: Singleplayer \& Multiplayer,Major release 5/1...},
  howpublished = {https://docs.google.com/spreadsheets/d/1sHklszwAENqAOvEtCnwhBYXGqntHuRkqOUBKzbnuicE/edit?usp=embed\_facebook},
  langid = {english},
  annotation = {https://www.accursedfarms.com/forums/topic/3359-creating-a-dead-games-list},
  file = {C:\Users\L\Zotero\storage\EPUP7DRM\edit.html}
}

@misc{gtsport-eos-2023,
  title = {`{{Gran Turismo Sport}}' {{End}} of {{Online Services}}},
  author = {{gran-turismo.com}},
  year = {2023},
  urldate = {2024-04-23},
  abstract = {The online services of the PlayStation{\textregistered}4-exclusi...},
  howpublished = {https://www.gran-turismo.com/gb/gtsport/news/00\_1344615.html},
  langid = {english},
  file = {C:\Users\L\Zotero\storage\DYFLA4R9\00_1344615.html}
}

@misc{gtsport-sales-2023,
  title = {Data {{Leak Reveals GT Sport Sold}} 12.7 {{Million Copies}}, {{Generating}} \${{355M}} in {{Revenue}}},
  author = {Greer, Jordan},
  year = {2023},
  month = dec,
  journal = {GTPlanet},
  urldate = {2024-04-23},
  abstract = {Gran Turismo Sport, Gran Turismo 7, and Driveclub sales data has been leaked as part of a massive data breach at Insomniac Games, a first-party PlayStation Studio. Assuming the data is correct, it offers an unprecedented and fascinating look at the business side of the industry. GT Sport Accor},
  chapter = {Gran Turismo Sport},
  howpublished = {https://www.gtplanet.net/data-leak-reveals-gt-sport-sold-12-7-million-copies-generating-355m-in-revenue/},
  langid = {american},
  file = {C:\Users\L\Zotero\storage\VGUQT5CC\data-leak-reveals-gt-sport-sold-12-7-million-copies-generating-355m-in-revenue.html}
}

@misc{knockout-eos-2023,
  title = {Knockout {{City}} {\textbar} {{The Future}} of {{Knockout City}}},
  author = {{Velan Studios}},
  year = {2023},
  month = feb,
  urldate = {2024-04-23},
  abstract = {News about Season 9 and what comes next for our favorite city},
  howpublished = {https://www.knockoutcity.com/updates/knockout-city-special-announcement},
  file = {C:\Users\L\Zotero\storage\EXLHM76G\knockout-city-special-announcement.html}
}

@misc{knockout-private,
  title = {Knockout {{City Private Server Edition}}},
  author = {{Velan Studios}},
  year = {2023},
  urldate = {2024-04-23},
  howpublished = {https://www.knockoutcity.com/private-server-edition},
  file = {C:\Users\L\Zotero\storage\NCXUA3UW\private-server-edition.html}
}

@misc{knockout-stats,
  title = {Knockout {{City}} {\textbar} {{Knockout City}}, {{Today}} and {{Tomorrow}}},
  author = {{Velan Studios}},
  year = {2023},
  urldate = {2024-04-23},
  abstract = {Catch where to find Knockout City after sunset in one final blogpost},
  howpublished = {https://www.knockoutcity.com/updates/final-blog-info-links},
  file = {C:\Users\L\Zotero\storage\EZRI6SLG\final-blog-info-links.html}
}

@misc{megaman-eos-2023,
  title = {{{ROCKMAN X DIVE Official}} Website},
  author = {{Capcom}},
  year = {2023},
  month = jun,
  urldate = {2024-04-23},
  howpublished = {https://web.archive.org/web/20230607082915/http://rxd.capcom.com.tw/en/detail.html?n\_id=2572},
  file = {C:\Users\L\Zotero\storage\QE79S8CS\detail.html}
}

@misc{megaman-offline,
  title = {{{MEGA MAN X DiVE Offline}} - {{Pre-order}} Now! {{MEGA MAN X DiVE Offline}} Launches {{September}} 1, 2023! - {{Steam News}}},
  author = {{Capcom}},
  year = {2023},
  month = aug,
  urldate = {2024-04-23},
  abstract = {MEGA MAN X DiVE returns as an offline version without in-game purchases! Play as over 100 characters from all major series in the Mega Man franchise across more than 900 stages. \{STEAM\_CLAN\_IMAGE\}/44456621/256b69f74752960a031953da865991452b46fb9f.jpg Enjoy the classic side-scrolling action of Mega Man X in an adventure to save the Deep Log!},
  howpublished = {https://store.steampowered.com/news/app/2183650/view/3681182908894675004},
  langid = {english},
  file = {C:\Users\L\Zotero\storage\YMSIBLNJ\3681182908894675004.html}
}

@misc{microsoft-flight-offline-2021,
  title = {Microsoft {{Flight Simulator Xbox}}: {{What}} Is the 'offline Mode' Pack, and Is It Needed?},
  shorttitle = {Microsoft {{Flight Simulator Xbox}}},
  author = {{published}, Zachary Boddy},
  year = {2021},
  month = jul,
  journal = {Windows Central},
  urldate = {2024-04-23},
  abstract = {Microsoft Flight Simulator is best with internet, but you can play it offline.},
  howpublished = {https://www.windowscentral.com/microsoft-flight-simulator-xbox-offline-mode-pack},
  langid = {english},
  file = {C:\Users\L\Zotero\storage\82M933TM\microsoft-flight-simulator-xbox-offline-mode-pack.html}
}

@misc{revived-games-list-2019,
  title = {List of {{Revived Online Games}}},
  author = {{sardonicWarrior}},
  year = {2019},
  journal = {Google Docs},
  urldate = {2024-04-23},
  abstract = {Online-Only Revivals Game,Genre,Developer(s),Publisher(s),Platform(s),Released,Closed,Revival Project(s),Source,Playable Offline,Additional Notes Age of Empires Online,Multiplayer Online RTS,Robot Power Entertainment, Gas Powered Games,Microsoft Game Systems,Windows,8/16/2011,7/1/2014,},
  howpublished = {https://docs.google.com/spreadsheets/d/13QLaDlXE2B1q5OBTQFMonhIgBIM68Pu7Ffg4PSOssLk/edit?usp=embed\_facebook},
  langid = {english},
  annotation = {https://www.accursedfarms.com/forums/topic/5524-list-of-revived-online-games/},
  file = {C:\Users\L\Zotero\storage\K4NBLSML\edit.html}
}

@misc{scrolls-server-2018,
  title = {Caller's {{Bane Site Archive}}},
  year = {2018},
  journal = {Caller's Bane Site Archive},
  urldate = {2024-04-23},
  abstract = {An archive for the Caller's Bane website, including download links for game distribution, and archived news articles.},
  howpublished = {https://mojang.github.io/CallersBaneSiteArchive/},
  langid = {american},
  file = {C:\Users\L\Zotero\storage\6FLGCLRH\CallersBaneSiteArchive.html}
}

@misc{stop-killing-games-2024,
  title = {Stop {{Killing Games}}},
  author = {{Ross Scott}},
  year = {2024},
  urldate = {2024-04-23},
  abstract = {This site is dedicated to real-world action on ending the practice of publishers destroying videogames they have sold to customers.},
  howpublished = {https://www.stopkillinggames.com/},
  file = {C:\Users\L\Zotero\storage\94Y7KGYF\www.stopkillinggames.com.html}
}
